@article{regr1,
    author = {S.-J. Huang and K.-R. Shih},
    title = {Short-term load forecasting via ARMA model identification including non-Gaussian process considerations},
    journal = {IEEE Transactions on Power Systems},
    volume = {18},
    number = {2},
    pages = {673--679},
    month = {May},
    year = {2003},
}

@article{np1,
    author = {E. Hossain and I. Khan and F. Un-Noor and S. S. Sikander and M. S. H. Sunny},
    title = {Application of Big Data and Machine Learning in Smart Grid, and Associated Security Concerns: A Review},
    journal = {IEEE Access},
    volume = {7},
    pages = {13960--13988},
    year = {2019},
}

@inproceedings{np2,
    author = {A. Ali and J. E. A.},
    title = {Deep Learning Networks for Short Term Load Forecasting},
    booktitle = {2023 International Conference on Control, Communication and Computing (ICCC)},
    year = {2023},
    address = {Thiruvananthapuram, India},
    pages = {1--5},
}

@inproceedings{h1,
    author = {F. Pan and H. Zhang and M. Xia},
    title = {A Hybrid Time-Series Forecasting Model Using Extreme Learning Machines},
    booktitle = {2009 Second International Conference on Intelligent Computation Technology and Automation},
    year = {2009},
    address = {Changsha, China},
    pages = {933--936},
}

@article{h2,
    author = {J. F. L. de Oliveira and E. G. Silva and P. S. G. de Mattos Neto},
    title = {A Hybrid System Based on Dynamic Selection for Time Series Forecasting},
    journal = {IEEE Transactions on Neural Networks and Learning Systems},
    volume = {33},
    number = {8},
    pages = {3251--3263},
    month = {Aug},
    year = {2022},
}

@article{b1,
    author = {S. Hochreiter and J. Schmidhuber},
    title = {Long Short-Term Memory},
    journal = {Neural Computation},
    volume = {9},
    number = {8},
    pages = {1735--1780},
    year = {1997},
    month = {Nov},
}

@inproceedings{b2,
    author = {K. Cho and B. van Merriënboer and C. Gulcehre and D. Bahdanau and F. Bougares and H. Schwenk and Y. Bengio},
    title = {Learning Phrase Representations using RNN Encoder–Decoder for Statistical Machine Translation},
    booktitle = {Proceedings of the 2014 Conference on Empirical Methods in Natural Language Processing (EMNLP)},
    pages = {1724--1734},
    year = {2014},
    address = {Doha, Qatar},
    organization = {Association for Computational Linguistics},
}

@inproceedings{b4,
    author = {N. Batra and M. Gulati and A. Singh and M. B. Srivastava},
    title = {It's Different: Insights into home energy consumption in India},
    booktitle = {Proceedings of the 5th ACM Workshop on Embedded Systems For Energy-Efficient Buildings (BuildSys '13)},
    publisher = {ACM},
    address = {New York, NY, USA},
    year = {2013},
    pages = {1--8},
}

@article{b7,
    author = {J. W. Taylor},
    title = {Short-Term Electricity Demand Forecasting Using Double Seasonal Exponential Smoothing},
    journal = {The Journal of the Operational Research Society},
    volume = {54},
    number = {8},
    pages = {799--805},
    year = {2003},
    note = {JSTOR, \url{http://www.jstor.org/stable/4101650}. Accessed 18 Jan. 2024.},
}

@inproceedings{fuzzy,
    author = {J. Blancas and J. Noel},
    title = {Short-Term Load Forecasting Using Fuzzy Logic},
    booktitle = {2018 IEEE PES Transmission and Distribution Conference and Exhibition - Latin America},
    year = {2018},
    address = {Lima, Peru},
    pages = {1--5},
}

@inproceedings{b16,
    author = {H. Yiling and H. Shaofeng},
    title = {A Short-Term Load Forecasting Model Based on Improved Random Forest Algorithm},
    booktitle = {2020 7th International Forum on Electrical Engineering and Automation (IFEEA)},
    year = {2020},
    address = {Hefei, China},
    pages = {928--931},
}

@article{b17,
    author = {E. Chodakowska and J. Nazarko and Ł. Nazarko},
    title = {ARIMA Models in Electrical Load Forecasting and Their Robustness to Noise},
    journal = {Energies},
    volume = {14},
    number = {23},
    year = {2021},
    pages = {7952},
}

@article{b18,
    author = {S. Sharma and A. Majumdar and V. Elvira and É. Chouzenoux},
    title = {Blind Kalman Filtering for Short-Term Load Forecasting},
    journal = {IEEE Transactions on Power Systems},
    volume = {35},
    number = {6},
    pages = {4916--4919},
    month = {Nov},
    year = {2020},
}

@article{b19,
    author = {W. R. Christiaanse},
    title = {Short-Term Load Forecasting Using General Exponential Smoothing},
    journal = {IEEE Transactions on Power Apparatus and Systems},
    volume = {PAS-90},
    number = {2},
    pages = {900--911},
    month = {March},
    year = {1971},
}

@inproceedings{greend,
    author = {A. Monacchi and D. Egarter and W. Elmenreich and S. D'Alessandro and A. M. Tonello},
    title = {GREEND: An energy consumption dataset of households in Italy and Austria},
    booktitle = {2014 IEEE International Conference on Smart Grid Communications (SmartGridComm)},
    year = {2014},
    address = {Venice, Italy},
    pages = {511--516},
}

@inproceedings{generalnn1,
    author = {A. S. Yahaya and N. Javaid and K. Latif and A. Rehman},
    title = {An Enhanced Very Short-Term Load Forecasting Scheme Based on Activation Function},
    booktitle = {2019 International Conference on Computer and Information Sciences (ICCIS)},
    year = {2019},
    address = {Sakaka, Saudi Arabia},
    pages = {1--6},
}

@inproceedings{generalnn2,
    author = {N. Singh and C. Vyjayanthi and C. Modi},
    title = {Multi-step Short-term Electric Load Forecasting using 2D Convolutional Neural Networks},
    booktitle = {2020 IEEE-HYDCON},
    year = {2020},
    address = {Hyderabad, India},
    pages = {1--5},
}

@inproceedings{generalnn3,
    author = {M. H. H. Harun and M. M. Othman and I. Musirin},
    title = {Short term load forecasting (STLF) using artificial neural network based multiple lags and stationary time series},
    booktitle = {2010 4th International Power Engineering and Optimization Conference (PEOCO)},
    year = {2010},
    address = {Shah Alam, Malaysia},
    pages = {363--370},
}

@inproceedings{generalrnn4,
    author = {S. Siami-Namini and N. Tavakoli and A. S. Namin},
    title = {The Performance of LSTM and BiLSTM in Forecasting Time Series},
    booktitle = {2019 IEEE International Conference on Big Data (Big Data)},
    pages = {3285--3292},
    year = {2019},
    address = {Los Angeles, CA, USA},
}
