@article{shi2018deep,
  author={Shi, Heng and Xu, Minghao and Li, Ran},
  journal={IEEE Transactions on Smart Grid},
  title={Deep Learning for Household Load Forecastingâ€”A Novel Pooling Deep RNN},
  year={2018},
  volume={9},
  number={5},
  pages={5271-5280},
  doi={10.1109/TSG.2017.2686012}
}
